5099 4118
4210 295 4418 426 No
4419 287 4473 407 1

2928 2187 3537 2319 Ynglingen
3538 2202 3799 2297 Carl
3800 2187 4148 2310 Johan
4149 2205 4759 2326 Christiansson
4760 2208 5021 2332 tolf

2886 2423 3146 2521 Johan
3147 2423 3932 2522 Christiansson,
3933 2456 4281 2523 boende
4282 2457 4543 2523 uti
4544 2458 4980 2523 Bagaren

2886 2535 3494 2633 Håkanssons
3495 2535 3756 2642 hus
3757 2564 3930 2647 i
3931 2555 4714 2669 Landalabergen,
4715 2576 4976 2669 har

2900 2646 3167 2722 den
3168 2646 3257 2725 2
3258 2646 3436 2730 och
3437 2646 3526 2732 4
3527 2647 3884 2742 dennes
3885 2673 4511 2759 anträffats
4512 2684 5049 2773 innehafvan

2914 2762 3088 2829 de
3089 2758 3440 2850 diverse
3441 2757 3879 2864 tomma
3880 2784 4406 2869 bouteljer,
4407 2785 4669 2871 för
4670 2804 5021 2874 hvilket

2928 2871 3402 2954 åtkomst
3403 2868 3639 2964 han
3640 2907 3877 2974 icke
3878 2914 4352 2988 kunnat
4353 2928 4827 2988 redogöra.

2928 2979 3440 3064 Sedan
3441 2997 4466 3093 Wärdshusidkerskan
4467 3032 4980 3127 Josefina

2900 3076 3341 3156 Molitor,
3342 3076 3783 3166 boende
3784 3105 4048 3172 uti
4049 3107 4313 3178 huset
4314 3108 4490 3182 No
4491 3109 4578 3184 21
4579 3109 4844 3190 vid
4845 3111 5021 3193 Skol

2914 3201 3264 3278 gatan
3265 3196 3527 3274 och
3528 3191 3791 3271 Ogifta
3792 3188 4318 3308 Josefina
4319 3188 4845 3276 Folkesson,
4846 3205 5021 3278 bo

2900 3313 3164 3373 ende
3165 3313 3429 3375 uti
3430 3313 3783 3376 huset
3784 3313 3960 3377 No
3961 3313 4136 3378 23
4137 3313 4313 3379 vid
4314 3313 5021 3405 Kungsgatan

2900 3438 3410 3489 anmält:

2914 3521 3089 3590 den
3090 3516 3355 3628 förre
3356 3513 3531 3593 att
3532 3510 3708 3591 sex
3709 3507 4150 3590 henne
4151 3507 4681 3628 tillhörige
4682 3507 5035 3611 tomma
